@book{aznar2004antenas,
  title={Antenas},
  author={Aznar, {\'A}.C. and Robert, J.R. and Casals, J.M.R. and Roca, L.J. and Boris, S.B. and Bataller, M.F.},
  isbn={9788483019900},
  series={e-politecnos},
  url={https://books.google.es/books?id=r2sjWIcZhDQC},
  year={2004},
  publisher={Universitat Politecnica de Catalunya. Iniciativa Digital Politecnica}
}
@article{Gobierno,
author = {Gobierno},
file = {:home/bobz/Desktop/tablas{\_}2017.pdf:pdf},
pages = {3--110},
title = {{Cuadro Nacional de Atribuci{\'{o}}n de Frecuencias}}
}
@article{Union2012,
abstract = {Adoptado por la Conferencia Mundial de Radiocomunicaciones (Ginebra, 1995) (CMR-95) y ulteriormente revisado y adoptado por las Conferencias Mundiales de Radiocomunicaciones, junto con todos los Ap{\'{e}}ndices, las Resoluciones, las Recomendaciones y las Recomendaciones UIT-R incorporadas por referencia.},
archivePrefix = {arXiv},
arxivId = {arXiv:gr-qc/9809069v1},
author = {Union, International Telecommunication},
doi = {10.1007/s13398-014-0173-7.2},
eprint = {9809069v1},
file = {:home/bobz/Desktop/1.43.48.es.301.pdf:pdf},
isbn = {9780874216561},
issn = {0717-6163},
pages = {549},
pmid = {15003161},
primaryClass = {arXiv:gr-qc},
title = {{Reglamento de Radiocomunicaciones}},
year = {2012}
}
@article{ICAO2001,
author = {ICAO},
file = {:home/bobz/Desktop/anexo10-5.pdf:pdf},
title = {{Anexo 10 Telecomunicaciones aeron{\'{a}}uticas}},
year = {2001}
}
